% This file was created with JabRef 2.9.2.
% Encoding: US-ASCII

@BOOK{peskin,
  title = {An Introduction to Quantum Field Theory},
  publisher = {Cambridge University Press},
  year = {1989},
  author = {Peskin, Schroder}
}

@article{Gross-Wilczek,
  title = {Ultraviolet Behavior of Non-Abelian Gauge Theories},
  author = {Gross, David J. and Wilczek, Frank},
  journal = {Phys. Rev. Lett.},
  volume = {30},
  issue = {26},
  pages = {1343--1346},
  numpages = {0},
  year = {1973},
  month = {Jun},
  publisher = {American Physical Society},
  doi = {10.1103/PhysRevLett.30.1343},
  url = {https://link.aps.org/doi/10.1103/PhysRevLett.30.1343}
}

@article{Politzer,
  title = {Reliable Perturbative Results for Strong Interactions?},
  author = {Politzer, H. David},
  journal = {Phys. Rev. Lett.},
  volume = {30},
  issue = {26},
  pages = {1346--1349},
  numpages = {0},
  year = {1973},
  month = {Jun},
  publisher = {American Physical Society},
  doi = {10.1103/PhysRevLett.30.1346},
  url = {https://link.aps.org/doi/10.1103/PhysRevLett.30.1346}
}

@article{coupling-Chaudhuri,
author = {Chaudhuri, A},
year = {2012},
month = {07},
pages = {},
title = {A short course on Relativistic Heavy Ion Collisions}
}
